<?xml version="1.0" encoding="UTF-8"?>
<!-- This is a subset of the Gemeinsame Normdatei (GND) a collection of authority 
	records provided by the German National Library. (http://www.dnb.de/EN/Home/home_node.html) 
	The GND is published with the CC0 license (https://creativecommons.org/publicdomain/zero/1.0/) 
	The data was downloaded 2017-03-09 -->
<collection xmlns="http://www.loc.gov/MARC21/slim">
	<record type="Authority">
		<leader>00000nz a2200000o 4500</leader>
		<controlfield tag="001">1059793806</controlfield>
		<controlfield tag="003">DE-101</controlfield>
		<controlfield tag="005">20151217161600.0</controlfield>
		<controlfield tag="008">141021n||aznnnaabn | aaa |c
		</controlfield>
		<datafield tag="024" ind1="7" ind2=" ">
			<subfield code="a">http://d-nb.info/gnd/1059793806</subfield>
			<subfield code="2">uri</subfield>
		</datafield>
		<datafield tag="035" ind1=" " ind2=" ">
			<subfield code="a">(DE-101)1059793806</subfield>
		</datafield>
		<datafield tag="035" ind1=" " ind2=" ">
			<subfield code="a">(DE-588)1059793806</subfield>
		</datafield>
		<datafield tag="040" ind1=" " ind2=" ">
			<subfield code="a">DE-1</subfield>
			<subfield code="9">r:DE-1</subfield>
			<subfield code="b">ger</subfield>
			<subfield code="d">1031</subfield>
			<subfield code="e">rda</subfield>
		</datafield>
		<datafield tag="043" ind1=" " ind2=" ">
			<subfield code="c">XA-DE</subfield>
		</datafield>
		<datafield tag="079" ind1=" " ind2=" ">
			<subfield code="a">g</subfield>
			<subfield code="b">p</subfield>
			<subfield code="c">3</subfield>
			<subfield code="q">f</subfield>
			<subfield code="v">pip</subfield>
		</datafield>
		<datafield tag="100" ind1="1" ind2=" ">
			<subfield code="a">Wrobel, Ignaz</subfield>
			<subfield code="d">1890-1935</subfield>
		</datafield>
		<datafield tag="500" ind1="1" ind2=" ">
			<subfield code="0">(DE-101)11862444X</subfield>
			<subfield code="0">(DE-588)11862444X</subfield>
			<subfield code="0">http://d-nb.info/gnd/11862444X</subfield>
			<subfield code="a">Tucholsky, Kurt</subfield>
			<subfield code="d">1890-1935</subfield>
			<subfield code="9">4:nawi</subfield>
			<subfield code="w">r</subfield>
			<subfield code="i">Wirklicher Name</subfield>
			<subfield code="e">Wirklicher Name</subfield>
		</datafield>
		<datafield tag="548" ind1=" " ind2=" ">
			<subfield code="a">1890-1935</subfield>
			<subfield code="9">4:datl</subfield>
			<subfield code="w">r</subfield>
			<subfield code="i">Lebensdaten</subfield>
		</datafield>
		<datafield tag="548" ind1=" " ind2=" ">
			<subfield code="a">09.01.1890-21.12.1935</subfield>
			<subfield code="9">4:datx</subfield>
			<subfield code="w">r</subfield>
			<subfield code="i">Exakte Lebensdaten</subfield>
		</datafield>
		<datafield tag="550" ind1=" " ind2=" ">
			<subfield code="0">(DE-101)040533093</subfield>
			<subfield code="0">(DE-588)4053309-8</subfield>
			<subfield code="0">http://d-nb.info/gnd/4053309-8</subfield>
			<subfield code="a">Schriftsteller</subfield>
			<subfield code="9">4:berc</subfield>
			<subfield code="w">r</subfield>
			<subfield code="i">Charakteristischer Beruf</subfield>
		</datafield>
		<datafield tag="550" ind1=" " ind2=" ">
			<subfield code="0">(DE-101)040287815</subfield>
			<subfield code="0">(DE-588)4028781-6</subfield>
			<subfield code="0">http://d-nb.info/gnd/4028781-6</subfield>
			<subfield code="a">Journalist</subfield>
			<subfield code="9">4:beru</subfield>
			<subfield code="w">r</subfield>
			<subfield code="i">Beruf</subfield>
		</datafield>
		<datafield tag="550" ind1=" " ind2=" ">
			<subfield code="0">(DE-101)940630869</subfield>
			<subfield code="0">(DE-588)4333843-4</subfield>
			<subfield code="0">http://d-nb.info/gnd/4333843-4</subfield>
			<subfield code="a">Satiriker</subfield>
			<subfield code="9">4:beru</subfield>
			<subfield code="w">r</subfield>
			<subfield code="i">Beruf</subfield>
		</datafield>
		<datafield tag="670" ind1=" " ind2=" ">
			<subfield code="a">DbA (WBIS); Wikipedia</subfield>
		</datafield>
		<datafield tag="680" ind1=" " ind2=" ">
			<subfield code="a">Weitere Titel ggf. auch unter dem Pseudonym
				bzw. dem wirklichen Namen</subfield>
		</datafield>
	</record>