
	<record type="Authority">
		<leader>00000nz a2200000o 4500</leader>
		<controlfield tag="001">100000096</controlfield>
		<controlfield tag="003">DE-101</controlfield>
		<controlfield tag="005">20110818164325.0</controlfield>
		<controlfield tag="008">900615n||aznnnaabn | aaa |c
		</controlfield>
		<datafield tag="024" ind1="7" ind2=" ">
			<subfield code="a">http://d-nb.info/gnd/100000096</subfield>
			<subfield code="2">uri</subfield>
		</datafield>
		<datafield tag="035" ind1=" " ind2=" ">
			<subfield code="a">(DE-101)100000096</subfield>
		</datafield>
		<datafield tag="035" ind1=" " ind2=" ">
			<subfield code="a">(DE-588)100000096</subfield>
		</datafield>
		<datafield tag="035" ind1=" " ind2=" ">
			<subfield code="z">(DE-588a)100000096</subfield>
			<subfield code="9">v:zg</subfield>
		</datafield>
		<datafield tag="040" ind1=" " ind2=" ">
			<subfield code="a">DE-12</subfield>
			<subfield code="9">r:DE-12</subfield>
			<subfield code="b">ger</subfield>
			<subfield code="d">1500</subfield>
		</datafield>
		<datafield tag="079" ind1=" " ind2=" ">
			<subfield code="a">g</subfield>
			<subfield code="b">p</subfield>
			<subfield code="c">6</subfield>
			<subfield code="q">a</subfield>
			<subfield code="q">f</subfield>
			<subfield code="v">piz</subfield>
		</datafield>
		<datafield tag="100" ind1="0" ind2=" ">
			<subfield code="a">Ambrosius</subfield>
			<subfield code="c">de Lombez</subfield>
		</datafield>
		<datafield tag="400" ind1="1" ind2=" ">
			<subfield code="a">Lombez, Ambrosius &#152;de&#156;</subfield>
		</datafield>
		<datafield tag="400" ind1="1" ind2=" ">
			<subfield code="a">La Peirie, Ambroise</subfield>
			<subfield code="9">v:4ELRAKm</subfield>
		</datafield>
		<datafield tag="400" ind1="1" ind2=" ">
			<subfield code="a">LaPeirie, Ambroise</subfield>
			<subfield code="9">v:RAK alt</subfield>
		</datafield>
		<datafield tag="400" ind1="0" ind2=" ">
			<subfield code="a">Ambroise</subfield>
			<subfield code="c">de Lombez</subfield>
		</datafield>
		<datafield tag="400" ind1="1" ind2=" ">
			<subfield code="a">Lombez, Ambroise &#152;de&#156;</subfield>
		</datafield>
		<datafield tag="400" ind1="0" ind2=" ">
			<subfield code="a">LaPeyrie</subfield>
		</datafield>
		<datafield tag="400" ind1="1" ind2=" ">
			<subfield code="a">Lombez, Ambrosius &#152;von&#156;</subfield>
		</datafield>
		<datafield tag="667" ind1=" " ind2=" ">
			<subfield code="a">12</subfield>
		</datafield>
		<datafield tag="692" ind1=" " ind2=" ">
			<subfield code="a">Ambrosius &lt;de Lombez&gt;: Über den innern
				Frieden. - 1840
			</subfield>
		</datafield>
		<datafield tag="692" ind1=" " ind2=" ">
			<subfield code="a">Ambrosius &lt;de Lombez&gt;: Abhandlung von
				dem innerlichen Frieden. - 1766
			</subfield>
		</datafield>
		<datafield tag="692" ind1=" " ind2=" ">
			<subfield code="a">Ambrosius &lt;de Lombez&gt;: Über den innern
				Frieden. - 1831
			</subfield>
		</datafield>
		<datafield tag="692" ind1=" " ind2=" ">
			<subfield code="a">Ambrosius &lt;de Lombez&gt;: Epitome
				officiorum. - [1545]
			</subfield>
		</datafield>
		<datafield tag="692" ind1=" " ind2=" ">
			<subfield code="a">Ambrosius &lt;de Lombez&gt;: Über die innere
				Freude. - 1840
			</subfield>
		</datafield>
		<datafield tag="913" ind1=" " ind2=" ">
			<subfield code="S">pnd</subfield>
			<subfield code="i">5</subfield>
			<subfield code="a">Ambrosius &lt;de Lombez&gt;</subfield>
			<subfield code="0">(DE-588a)100000096</subfield>
		</datafield>
	</record>