
	<record type="Authority">
		<leader>00000nz a2200000n 4500</leader>
		<controlfield tag="001">100000193</controlfield>
		<controlfield tag="003">DE-101</controlfield>
		<controlfield tag="005">20160408161335.0</controlfield>
		<controlfield tag="008">900615n||aznnnaabn | aaa |c
		</controlfield>
		<datafield tag="024" ind1="7" ind2=" ">
			<subfield code="a">http://d-nb.info/gnd/100000193</subfield>
			<subfield code="2">uri</subfield>
		</datafield>
		<datafield tag="035" ind1=" " ind2=" ">
			<subfield code="a">(DE-101)100000193</subfield>
		</datafield>
		<datafield tag="035" ind1=" " ind2=" ">
			<subfield code="a">(DE-588)100000193</subfield>
		</datafield>
		<datafield tag="035" ind1=" " ind2=" ">
			<subfield code="z">(DE-588a)100000193</subfield>
			<subfield code="9">v:zg</subfield>
		</datafield>
		<datafield tag="040" ind1=" " ind2=" ">
			<subfield code="a">DE-12</subfield>
			<subfield code="9">r:DE-12</subfield>
			<subfield code="b">ger</subfield>
			<subfield code="d">1601</subfield>
		</datafield>
		<datafield tag="043" ind1=" " ind2=" ">
			<subfield code="c">XA-DE</subfield>
		</datafield>
		<datafield tag="079" ind1=" " ind2=" ">
			<subfield code="a">g</subfield>
			<subfield code="b">p</subfield>
			<subfield code="c">1</subfield>
			<subfield code="q">a</subfield>
			<subfield code="q">f</subfield>
			<subfield code="q">z</subfield>
			<subfield code="u">k</subfield>
			<subfield code="v">piz</subfield>
		</datafield>
		<datafield tag="100" ind1="1" ind2=" ">
			<subfield code="a">Bauer, Johann Gottfried</subfield>
			<subfield code="d">1695-1763</subfield>
		</datafield>
		<datafield tag="375" ind1=" " ind2=" ">
			<subfield code="a">1</subfield>
			<subfield code="2">iso5218</subfield>
		</datafield>
		<datafield tag="400" ind1="1" ind2=" ">
			<subfield code="a">Bauer, Johanes Gottfried</subfield>
			<subfield code="d">1695-1763</subfield>
		</datafield>
		<datafield tag="400" ind1="1" ind2=" ">
			<subfield code="a">Bauerus, Johannes Godofredus</subfield>
			<subfield code="d">1695-1763</subfield>
		</datafield>
		<datafield tag="400" ind1="1" ind2=" ">
			<subfield code="a">Bauer, Johannes Gothofredus</subfield>
			<subfield code="d">1695-1763</subfield>
		</datafield>
		<datafield tag="400" ind1="1" ind2=" ">
			<subfield code="a">Bauer, Johannes Gottofredus</subfield>
			<subfield code="d">1695-1763</subfield>
		</datafield>
		<datafield tag="400" ind1="1" ind2=" ">
			<subfield code="a">Bauer, Iohannes Godofredus</subfield>
			<subfield code="d">1695-1763</subfield>
		</datafield>
		<datafield tag="400" ind1="1" ind2=" ">
			<subfield code="a">Baverus, Ioan. Godofredus</subfield>
			<subfield code="d">1695-1763</subfield>
		</datafield>
		<datafield tag="400" ind1="1" ind2=" ">
			<subfield code="a">Bauer, Johannes Gottfried</subfield>
			<subfield code="d">1695-1763</subfield>
		</datafield>
		<datafield tag="400" ind1="1" ind2=" ">
			<subfield code="a">Bauer, Joannes Godofredus</subfield>
			<subfield code="d">1695-1763</subfield>
		</datafield>
		<datafield tag="400" ind1="1" ind2=" ">
			<subfield code="a">Bauerus, Ioannes Godofredus</subfield>
			<subfield code="d">1695-1763</subfield>
		</datafield>
		<datafield tag="400" ind1="1" ind2=" ">
			<subfield code="a">Bauer, Ioannes Godofredus</subfield>
			<subfield code="d">1695-1763</subfield>
		</datafield>
		<datafield tag="400" ind1="1" ind2=" ">
			<subfield code="a">Bauerus, Iohannes Godofredus</subfield>
			<subfield code="d">1695-1763</subfield>
		</datafield>
		<datafield tag="400" ind1="1" ind2=" ">
			<subfield code="a">Bauerus, Joannes Godofredus</subfield>
			<subfield code="d">1695-1763</subfield>
		</datafield>
		<datafield tag="500" ind1="1" ind2=" ">
			<subfield code="0">(DE-101)121453839</subfield>
			<subfield code="0">(DE-588)121453839</subfield>
			<subfield code="0">http://d-nb.info/gnd/121453839</subfield>
			<subfield code="a">Bauer, Heinrich Gottfried</subfield>
			<subfield code="d">1733-1811</subfield>
			<subfield code="9">4:bezf</subfield>
			<subfield code="w">r</subfield>
			<subfield code="i">Beziehung familiaer</subfield>
			<subfield code="e">Beziehung familiaer</subfield>
			<subfield code="9">v:Sohn</subfield>
		</datafield>
		<datafield tag="548" ind1=" " ind2=" ">
			<subfield code="a">20.02.1695-02.03.1763</subfield>
			<subfield code="9">4:datx</subfield>
			<subfield code="w">r</subfield>
			<subfield code="i">Exakte Lebensdaten</subfield>
		</datafield>
		<datafield tag="548" ind1=" " ind2=" ">
			<subfield code="a">1695-1763</subfield>
			<subfield code="9">4:datl</subfield>
			<subfield code="w">r</subfield>
			<subfield code="i">Lebensdaten</subfield>
		</datafield>
		<datafield tag="550" ind1=" " ind2=" ">
			<subfield code="0">(DE-101)040290506</subfield>
			<subfield code="0">(DE-588)4029050-5</subfield>
			<subfield code="0">http://d-nb.info/gnd/4029050-5</subfield>
			<subfield code="a">Jurist</subfield>
			<subfield code="9">4:berc</subfield>
			<subfield code="w">r</subfield>
			<subfield code="i">Charakteristischer Beruf</subfield>
		</datafield>
		<datafield tag="550" ind1=" " ind2=" ">
			<subfield code="a">Professor</subfield>
			<subfield code="9">4:akad</subfield>
			<subfield code="w">r</subfield>
			<subfield code="i">Akademischer Grad</subfield>
		</datafield>
		<datafield tag="551" ind1=" " ind2=" ">
			<subfield code="0">(DE-101)040352064</subfield>
			<subfield code="0">(DE-588)4035206-7</subfield>
			<subfield code="0">http://d-nb.info/gnd/4035206-7</subfield>
			<subfield code="a">Leipzig</subfield>
			<subfield code="9">4:ortg</subfield>
			<subfield code="w">r</subfield>
			<subfield code="i">Geburtsort</subfield>
		</datafield>
		<datafield tag="551" ind1=" " ind2=" ">
			<subfield code="0">(DE-101)040352064</subfield>
			<subfield code="0">(DE-588)4035206-7</subfield>
			<subfield code="0">http://d-nb.info/gnd/4035206-7</subfield>
			<subfield code="a">Leipzig</subfield>
			<subfield code="9">4:orts</subfield>
			<subfield code="w">r</subfield>
			<subfield code="i">Sterbeort</subfield>
		</datafield>
		<datafield tag="551" ind1=" " ind2=" ">
			<subfield code="0">(DE-101)040352064</subfield>
			<subfield code="0">(DE-588)4035206-7</subfield>
			<subfield code="0">http://d-nb.info/gnd/4035206-7</subfield>
			<subfield code="a">Leipzig</subfield>
			<subfield code="9">4:ortw</subfield>
			<subfield code="w">r</subfield>
			<subfield code="i">Wirkungsort</subfield>
		</datafield>
		<datafield tag="551" ind1=" " ind2=" ">
			<subfield code="0">(DE-101)040387496</subfield>
			<subfield code="0">(DE-588)4038749-5</subfield>
			<subfield code="0">http://d-nb.info/gnd/4038749-5</subfield>
			<subfield code="a">Merseburg</subfield>
			<subfield code="9">4:ortw</subfield>
			<subfield code="w">r</subfield>
			<subfield code="i">Wirkungsort</subfield>
		</datafield>
		<datafield tag="667" ind1=" " ind2=" ">
			<subfield code="a">12</subfield>
		</datafield>
		<datafield tag="667" ind1=" " ind2=" ">
			<subfield code="a">384</subfield>
		</datafield>
		<datafield tag="667" ind1=" " ind2=" ">
			<subfield code="a">188</subfield>
		</datafield>
		<datafield tag="667" ind1=" " ind2=" ">
			<subfield code="a">7</subfield>
		</datafield>
		<datafield tag="667" ind1=" " ind2=" ">
			<subfield code="a">3</subfield>
		</datafield>
		<datafield tag="667" ind1=" " ind2=" ">
			<subfield code="a">VD-18,</subfield>
		</datafield>
		<datafield tag="670" ind1=" " ind2=" ">
			<subfield code="a">NDB; ADB; DBA</subfield>
		</datafield>
		<datafield tag="670" ind1=" " ind2=" ">
			<subfield code="a">Des Verfassers Dissertatio iuridica
				inauguralis de feudi consolidatione temporaria, 1752
			</subfield>
		</datafield>
		<datafield tag="678" ind1=" " ind2=" ">
			<subfield code="b">Ordinarius an der jurist. Fakultät der Univ.
				Leipzig
			</subfield>
		</datafield>
		<datafield tag="678" ind1=" " ind2=" ">
			<subfield code="b">Jurist</subfield>
		</datafield>
		<datafield tag="692" ind1=" " ind2=" ">
			<subfield code="a">Rechenberg, Karl Otto: Institutionum
				iurisprudentiae naturalis Lib. II., Tit. 1 - 4 ... - 1712
			</subfield>
		</datafield>
		<datafield tag="692" ind1=" " ind2=" ">
			<subfield code="a">Bauer, Johann Gottfried : Dissertatio
				inauguralis de aestimandis et restituendis fructibus, ad dec. nov.
				II. - 1753
			</subfield>
		</datafield>
		<datafield tag="692" ind1=" " ind2=" ">
			<subfield code="a">Bauer, Johann Gottfried : Dissertatio
				inauguralis de pacto remissorio ante concursum formalem in foro
				Saxoniae electoralis. - 1755
			</subfield>
		</datafield>
		<datafield tag="913" ind1=" " ind2=" ">
			<subfield code="S">pnd</subfield>
			<subfield code="i">a</subfield>
			<subfield code="a">Bauer, Johann Gottfried</subfield>
			<subfield code="0">(DE-588a)100000193</subfield>
		</datafield>
	</record>