
	<record type="Authority">
		<leader>00000nz a2200000n 4500</leader>
		<controlfield tag="001">100000231</controlfield>
		<controlfield tag="003">DE-101</controlfield>
		<controlfield tag="005">20170111003542.0</controlfield>
		<controlfield tag="008">900615n||azznnaabn | aaa |c
		</controlfield>
		<datafield tag="024" ind1="7" ind2=" ">
			<subfield code="a">http://d-nb.info/gnd/100000231</subfield>
			<subfield code="2">uri</subfield>
		</datafield>
		<datafield tag="035" ind1=" " ind2=" ">
			<subfield code="a">(DE-101)100000231</subfield>
		</datafield>
		<datafield tag="035" ind1=" " ind2=" ">
			<subfield code="a">(DE-588)100000231</subfield>
		</datafield>
		<datafield tag="035" ind1=" " ind2=" ">
			<subfield code="z">(DE-588)17418154X</subfield>
		</datafield>
		<datafield tag="035" ind1=" " ind2=" ">
			<subfield code="z">(DE-588a)17418154X</subfield>
			<subfield code="9">v:zg</subfield>
		</datafield>
		<datafield tag="035" ind1=" " ind2=" ">
			<subfield code="z">(DE-588)172001064</subfield>
		</datafield>
		<datafield tag="035" ind1=" " ind2=" ">
			<subfield code="z">(DE-588a)172001064</subfield>
			<subfield code="9">v:zg</subfield>
		</datafield>
		<datafield tag="035" ind1=" " ind2=" ">
			<subfield code="z">(DE-588a)100000231</subfield>
			<subfield code="9">v:zg</subfield>
		</datafield>
		<datafield tag="035" ind1=" " ind2=" ">
			<subfield code="z">(DE-588c)4495254-5</subfield>
			<subfield code="9">v:zg</subfield>
		</datafield>
		<datafield tag="040" ind1=" " ind2=" ">
			<subfield code="a">DE-12</subfield>
			<subfield code="9">r:DE-12</subfield>
			<subfield code="b">ger</subfield>
			<subfield code="d">9999</subfield>
		</datafield>
		<datafield tag="043" ind1=" " ind2=" ">
			<subfield code="c">XA-FR</subfield>
			<subfield code="c">XA-DE</subfield>
			<subfield code="c">XA-AT</subfield>
		</datafield>
		<datafield tag="065" ind1=" " ind2=" ">
			<subfield code="a">13.4p</subfield>
			<subfield code="2">sswd</subfield>
		</datafield>
		<datafield tag="079" ind1=" " ind2=" ">
			<subfield code="a">g</subfield>
			<subfield code="b">p</subfield>
			<subfield code="c">1</subfield>
			<subfield code="q">a</subfield>
			<subfield code="q">f</subfield>
			<subfield code="q">s</subfield>
			<subfield code="q">d</subfield>
			<subfield code="u">w</subfield>
			<subfield code="u">v</subfield>
			<subfield code="v">piz</subfield>
		</datafield>
		<datafield tag="100" ind1="1" ind2=" ">
			<subfield code="a">Baur, Johann Wilhelm</subfield>
			<subfield code="d">1607-1642</subfield>
		</datafield>
		<datafield tag="375" ind1=" " ind2=" ">
			<subfield code="a">1</subfield>
			<subfield code="2">iso5218</subfield>
		</datafield>
		<datafield tag="400" ind1="1" ind2=" ">
			<subfield code="a">Baur, W.</subfield>
			<subfield code="d">1607-1642</subfield>
		</datafield>
		<datafield tag="400" ind1="1" ind2=" ">
			<subfield code="a">Baur, Johannes Guilielmus</subfield>
			<subfield code="d">1607-1642</subfield>
		</datafield>
		<datafield tag="400" ind1="1" ind2=" ">
			<subfield code="a">Baur, Wilhelm</subfield>
			<subfield code="d">1607-1642</subfield>
		</datafield>
		<datafield tag="400" ind1="1" ind2=" ">
			<subfield code="a">Bauer, Wilhelm</subfield>
			<subfield code="d">1607-1642</subfield>
		</datafield>
		<datafield tag="400" ind1="1" ind2=" ">
			<subfield code="a">Bauer, Johann Wilhelm</subfield>
			<subfield code="d">1607-1642</subfield>
		</datafield>
		<datafield tag="400" ind1="1" ind2=" ">
			<subfield code="a">Baur, Joannes Guilielmus</subfield>
			<subfield code="d">1607-1642</subfield>
		</datafield>
		<datafield tag="400" ind1="1" ind2=" ">
			<subfield code="a">Baur, Johannes Wilhelm</subfield>
			<subfield code="d">1607-1642</subfield>
		</datafield>
		<datafield tag="400" ind1="1" ind2=" ">
			<subfield code="a">Bauer, Johannes Wilhelm</subfield>
			<subfield code="d">1607-1642</subfield>
		</datafield>
		<datafield tag="400" ind1="1" ind2=" ">
			<subfield code="a">Bauer, Johann Wilhlem</subfield>
			<subfield code="d">1607-1642</subfield>
		</datafield>
		<datafield tag="400" ind1="1" ind2=" ">
			<subfield code="a">Paur, Johann Wilhelm</subfield>
			<subfield code="d">1607-1642</subfield>
		</datafield>
		<datafield tag="400" ind1="1" ind2=" ">
			<subfield code="a">Baurn, Johannes Guilelmus</subfield>
			<subfield code="d">1607-1642</subfield>
		</datafield>
		<datafield tag="548" ind1=" " ind2=" ">
			<subfield code="a">1607-1642</subfield>
			<subfield code="9">4:datl</subfield>
			<subfield code="w">r</subfield>
			<subfield code="i">Lebensdaten</subfield>
			<subfield code="9">v:nach aktuellem Forschungsstand; anderslt.
				Todesjahr: 1640
			</subfield>
		</datafield>
		<datafield tag="548" ind1=" " ind2=" ">
			<subfield code="a">31.05.1600-XX.01.1642</subfield>
			<subfield code="9">4:datx</subfield>
			<subfield code="w">r</subfield>
			<subfield code="i">Exakte Lebensdaten</subfield>
			<subfield code="9">v:AKL online</subfield>
		</datafield>
		<datafield tag="550" ind1=" " ind2=" ">
			<subfield code="0">(DE-101)040372154</subfield>
			<subfield code="0">(DE-588)4037215-7</subfield>
			<subfield code="0">http://d-nb.info/gnd/4037215-7</subfield>
			<subfield code="a">Maler</subfield>
			<subfield code="9">4:berc</subfield>
			<subfield code="w">r</subfield>
			<subfield code="i">Charakteristischer Beruf</subfield>
		</datafield>
		<datafield tag="550" ind1=" " ind2=" ">
			<subfield code="0">(DE-101)041767934</subfield>
			<subfield code="0">(DE-588)4176793-7</subfield>
			<subfield code="0">http://d-nb.info/gnd/4176793-7</subfield>
			<subfield code="a">Radierer</subfield>
			<subfield code="9">4:beru</subfield>
			<subfield code="w">r</subfield>
			<subfield code="i">Beruf</subfield>
		</datafield>
		<datafield tag="551" ind1=" " ind2=" ">
			<subfield code="0">(DE-101)04057878X</subfield>
			<subfield code="0">(DE-588)4057878-1</subfield>
			<subfield code="0">http://d-nb.info/gnd/4057878-1</subfield>
			<subfield code="a">Straßburg</subfield>
			<subfield code="9">4:ortg</subfield>
			<subfield code="w">r</subfield>
			<subfield code="i">Geburtsort</subfield>
		</datafield>
		<datafield tag="551" ind1=" " ind2=" ">
			<subfield code="0">(DE-101)040660095</subfield>
			<subfield code="0">(DE-588)4066009-6</subfield>
			<subfield code="0">http://d-nb.info/gnd/4066009-6</subfield>
			<subfield code="a">Wien</subfield>
			<subfield code="9">4:orts</subfield>
			<subfield code="w">r</subfield>
			<subfield code="i">Sterbeort</subfield>
		</datafield>
		<datafield tag="667" ind1=" " ind2=" ">
			<subfield code="a">12</subfield>
		</datafield>
		<datafield tag="667" ind1=" " ind2=" ">
			<subfield code="a">7</subfield>
		</datafield>
		<datafield tag="670" ind1=" " ind2=" ">
			<subfield code="a">Thieme-Becker</subfield>
		</datafield>
		<datafield tag="670" ind1=" " ind2=" ">
			<subfield code="a">WBIS</subfield>
		</datafield>
		<datafield tag="678" ind1=" " ind2=" ">
			<subfield code="b">Dt. Radierer und Miniaturmaler</subfield>
		</datafield>
		<datafield tag="678" ind1=" " ind2=" ">
			<subfield code="b">Maler</subfield>
		</datafield>
		<datafield tag="692" ind1=" " ind2=" ">
			<subfield code="a">Iconographia</subfield>
		</datafield>
		<datafield tag="692" ind1=" " ind2=" ">
			<subfield code="a">Des vortrefflichen römischen Poetens Publii
				Ovidii Nasonis ... - 1709
			</subfield>
		</datafield>
		<datafield tag="692" ind1=" " ind2=" ">
			<subfield code="a">Ovidii Metamorphosis oder Verwandelungs
				Bücher. - [1641]
			</subfield>
		</datafield>
		<datafield tag="692" ind1=" " ind2=" ">
			<subfield code="a">Ovid's Verwandlungen. - [1639]</subfield>
		</datafield>
		<datafield tag="692" ind1=" " ind2=" ">
			<subfield code="a">Der Spanisch-Niederländische Krieg
			</subfield>
		</datafield>
		<datafield tag="692" ind1=" " ind2=" ">
			<subfield code="a">Bauer, Wilhelm: Ovidische Verwandlungen. -
				1641
			</subfield>
		</datafield>
		<datafield tag="692" ind1=" " ind2=" ">
			<subfield code="a">Bauer, Wilhelm: Unterschiedliche Prospecten,
				in Italien nach den Leben gezeichnet. - 1681
			</subfield>
		</datafield>
		<datafield tag="700" ind1="1" ind2="4">
			<subfield code="a">Baur, Joh. Wilhelm</subfield>
			<subfield code="d">1607-1642</subfield>
			<subfield code="9">v:1600-1642</subfield>
		</datafield>
		<datafield tag="913" ind1=" " ind2=" ">
			<subfield code="S">pnd</subfield>
			<subfield code="i">a</subfield>
			<subfield code="a">Baur, Johann Wilhelm</subfield>
			<subfield code="0">(DE-588a)100000231</subfield>
		</datafield>
		<datafield tag="913" ind1=" " ind2=" ">
			<subfield code="S">pnd</subfield>
			<subfield code="i">a</subfield>
			<subfield code="a">Baur, Johann W.</subfield>
			<subfield code="0">(DE-588a)172001064</subfield>
		</datafield>
		<datafield tag="913" ind1=" " ind2=" ">
			<subfield code="S">pnd</subfield>
			<subfield code="i">a</subfield>
			<subfield code="a">Baur, Johann Wilhelm</subfield>
			<subfield code="0">(DE-588a)17418154X</subfield>
		</datafield>
	</record>