
	<record type="Authority">
		<leader>00000nz a2200000n 4500</leader>
		<controlfield tag="001">100000355</controlfield>
		<controlfield tag="003">DE-101</controlfield>
		<controlfield tag="005">20130614155849.0</controlfield>
		<controlfield tag="008">900615n||aznnnaabn | aaa |c
		</controlfield>
		<datafield tag="024" ind1="7" ind2=" ">
			<subfield code="a">http://d-nb.info/gnd/100000355</subfield>
			<subfield code="2">uri</subfield>
		</datafield>
		<datafield tag="035" ind1=" " ind2=" ">
			<subfield code="a">(DE-101)100000355</subfield>
		</datafield>
		<datafield tag="035" ind1=" " ind2=" ">
			<subfield code="a">(DE-588)100000355</subfield>
		</datafield>
		<datafield tag="035" ind1=" " ind2=" ">
			<subfield code="z">(DE-588a)100000355</subfield>
			<subfield code="9">v:zg</subfield>
		</datafield>
		<datafield tag="040" ind1=" " ind2=" ">
			<subfield code="a">DE-12</subfield>
			<subfield code="9">r:DE-12</subfield>
			<subfield code="b">ger</subfield>
			<subfield code="d">3030</subfield>
		</datafield>
		<datafield tag="043" ind1=" " ind2=" ">
			<subfield code="c">XA-DE</subfield>
		</datafield>
		<datafield tag="079" ind1=" " ind2=" ">
			<subfield code="a">g</subfield>
			<subfield code="b">p</subfield>
			<subfield code="c">1</subfield>
			<subfield code="q">a</subfield>
			<subfield code="q">f</subfield>
			<subfield code="v">piz</subfield>
		</datafield>
		<datafield tag="100" ind1="1" ind2=" ">
			<subfield code="a">Amman, Reiner</subfield>
		</datafield>
		<datafield tag="400" ind1="1" ind2=" ">
			<subfield code="a">Amman, Reinerius</subfield>
			<subfield code="9">v:Vorlage</subfield>
		</datafield>
		<datafield tag="510" ind1="2" ind2=" ">
			<subfield code="0">(DE-101)004047621</subfield>
			<subfield code="0">(DE-588)1008636-5</subfield>
			<subfield code="0">http://d-nb.info/gnd/1008636-5</subfield>
			<subfield code="a">Franziskaner</subfield>
			<subfield code="9">4:affi</subfield>
			<subfield code="w">r</subfield>
			<subfield code="i">Affiliation</subfield>
			<subfield code="e">Affiliation</subfield>
		</datafield>
		<datafield tag="548" ind1=" " ind2=" ">
			<subfield code="a">1790-1799</subfield>
			<subfield code="9">4:datw</subfield>
			<subfield code="w">r</subfield>
			<subfield code="i">Wirkungsdaten</subfield>
		</datafield>
		<datafield tag="550" ind1=" " ind2=" ">
			<subfield code="0">(DE-101)041303229</subfield>
			<subfield code="0">(DE-588)4130322-2</subfield>
			<subfield code="0">http://d-nb.info/gnd/4130322-2</subfield>
			<subfield code="a">Prediger</subfield>
			<subfield code="9">4:berc</subfield>
			<subfield code="w">r</subfield>
			<subfield code="i">Charakteristischer Beruf</subfield>
		</datafield>
		<datafield tag="667" ind1=" " ind2=" ">
			<subfield code="a">12</subfield>
		</datafield>
		<datafield tag="670" ind1=" " ind2=" ">
			<subfield code="a">DbA (WBIS)</subfield>
		</datafield>
		<datafield tag="678" ind1=" " ind2=" ">
			<subfield code="b">Dt. Prediger</subfield>
		</datafield>
		<datafield tag="692" ind1=" " ind2=" ">
			<subfield code="a">Gemeinnützliche Predigten</subfield>
		</datafield>
		<datafield tag="692" ind1=" " ind2=" ">
			<subfield code="a">Kurtze Betrachtungsreden für die h.
				Fastenzeit und auff alle hohe Feste de*. - 1799
			</subfield>
		</datafield>
		<datafield tag="692" ind1=" " ind2=" ">
			<subfield code="a">Kurtze Betrachtungsreden auf alle Feste der
				sel. Gottesmutter Maria. - 1799
			</subfield>
		</datafield>
		<datafield tag="913" ind1=" " ind2=" ">
			<subfield code="S">pnd</subfield>
			<subfield code="i">a</subfield>
			<subfield code="a">Amman, Reiner</subfield>
			<subfield code="0">(DE-588a)100000355</subfield>
		</datafield>
	</record>