
	<record type="Authority">
		<leader>00000nz a2200000o 4500</leader>
		<controlfield tag="001">100000541</controlfield>
		<controlfield tag="003">DE-101</controlfield>
		<controlfield tag="005">20151120114755.0</controlfield>
		<controlfield tag="008">900615n||aznnnaabn | aaa |c
		</controlfield>
		<datafield tag="024" ind1="7" ind2=" ">
			<subfield code="a">http://d-nb.info/gnd/100000541</subfield>
			<subfield code="2">uri</subfield>
		</datafield>
		<datafield tag="035" ind1=" " ind2=" ">
			<subfield code="a">(DE-101)100000541</subfield>
		</datafield>
		<datafield tag="035" ind1=" " ind2=" ">
			<subfield code="a">(DE-588)100000541</subfield>
		</datafield>
		<datafield tag="035" ind1=" " ind2=" ">
			<subfield code="z">(DE-588a)100000541</subfield>
			<subfield code="9">v:zg</subfield>
		</datafield>
		<datafield tag="040" ind1=" " ind2=" ">
			<subfield code="a">DE-12</subfield>
			<subfield code="9">r:DE-12</subfield>
			<subfield code="b">ger</subfield>
			<subfield code="d">0014</subfield>
			<subfield code="e">rda</subfield>
		</datafield>
		<datafield tag="043" ind1=" " ind2=" ">
			<subfield code="c">XA-IT</subfield>
		</datafield>
		<datafield tag="079" ind1=" " ind2=" ">
			<subfield code="a">g</subfield>
			<subfield code="b">p</subfield>
			<subfield code="c">3</subfield>
			<subfield code="q">a</subfield>
			<subfield code="q">f</subfield>
			<subfield code="v">piz</subfield>
		</datafield>
		<datafield tag="100" ind1="1" ind2=" ">
			<subfield code="a">Mosca, Giuseppe</subfield>
			<subfield code="d">1772-1839</subfield>
		</datafield>
		<datafield tag="400" ind1="1" ind2=" ">
			<subfield code="a">Mosca, Gioseppe</subfield>
			<subfield code="d">1772-1839</subfield>
		</datafield>
		<datafield tag="500" ind1="1" ind2=" ">
			<subfield code="0">(DE-101)1079102868</subfield>
			<subfield code="0">(DE-588)1079102868</subfield>
			<subfield code="0">http://d-nb.info/gnd/1079102868</subfield>
			<subfield code="a">Mosca, Luigi</subfield>
			<subfield code="d">1775-1824</subfield>
			<subfield code="9">4:bezf</subfield>
			<subfield code="w">r</subfield>
			<subfield code="i">Beziehung familiaer</subfield>
			<subfield code="e">Beziehung familiaer</subfield>
			<subfield code="9">v:Bruder</subfield>
		</datafield>
		<datafield tag="548" ind1=" " ind2=" ">
			<subfield code="a">1772-1839</subfield>
			<subfield code="9">4:datl</subfield>
			<subfield code="w">r</subfield>
			<subfield code="i">Lebensdaten</subfield>
		</datafield>
		<datafield tag="550" ind1=" " ind2=" ">
			<subfield code="0">(DE-101)04032009X</subfield>
			<subfield code="0">(DE-588)4032009-1</subfield>
			<subfield code="0">http://d-nb.info/gnd/4032009-1</subfield>
			<subfield code="a">Komponist</subfield>
			<subfield code="9">4:berc</subfield>
			<subfield code="w">r</subfield>
			<subfield code="i">Charakteristischer Beruf</subfield>
		</datafield>
		<datafield tag="550" ind1=" " ind2=" ">
			<subfield code="0">(DE-101)040408418</subfield>
			<subfield code="0">(DE-588)4040841-3</subfield>
			<subfield code="0">http://d-nb.info/gnd/4040841-3</subfield>
			<subfield code="a">Musiker</subfield>
			<subfield code="9">4:beru</subfield>
			<subfield code="w">r</subfield>
			<subfield code="i">Beruf</subfield>
		</datafield>
		<datafield tag="667" ind1=" " ind2=" ">
			<subfield code="a">12</subfield>
		</datafield>
		<datafield tag="667" ind1=" " ind2=" ">
			<subfield code="a">7</subfield>
		</datafield>
		<datafield tag="670" ind1=" " ind2=" ">
			<subfield code="a">Riemann, Lui, NUC</subfield>
		</datafield>
		<datafield tag="692" ind1=" " ind2=" ">
			<subfield code="a">Mosca, Giuseppe: L' amore e l'armi. - 1815
			</subfield>
		</datafield>
		<datafield tag="692" ind1=" " ind2=" ">
			<subfield code="a">Mosca, Giuseppe: Emira, regina d'Egitto. -
				1821
			</subfield>
		</datafield>
		<datafield tag="692" ind1=" " ind2=" ">
			<subfield code="a">Mosca, Giuseppe: Emira, regina d'Egitto. -
				1824
			</subfield>
		</datafield>
		<datafield tag="692" ind1=" " ind2=" ">
			<subfield code="a">Mosca, Giuseppe: La gioventù d'Enrico V.. -
				1818
			</subfield>
		</datafield>
		<datafield tag="692" ind1=" " ind2=" ">
			<subfield code="a">Mosca, Giuseppe: I tre mariti. - 1814
			</subfield>
		</datafield>
		<datafield tag="692" ind1=" " ind2=" ">
			<subfield code="a">Mosca, Giuseppe: La poetessa errante. - 1822
			</subfield>
		</datafield>
		<datafield tag="692" ind1=" " ind2=" ">
			<subfield code="a">Mosca, Giuseppe: La fortunata combinazione. -
				1802
			</subfield>
		</datafield>
		<datafield tag="692" ind1=" " ind2=" ">
			<subfield code="a">Mosca, Giuseppe: La dama locandiera ossia
				L'albergo de'pitocchi. - 1822
			</subfield>
		</datafield>
		<datafield tag="692" ind1=" " ind2=" ">
			<subfield code="a">Mosca, Giuseppe: Le bestie in uomimi. - 1812
			</subfield>
		</datafield>
		<datafield tag="692" ind1=" " ind2=" ">
			<subfield code="a">Mosca, Giuseppe: Avviso al pubblico. - 1814
			</subfield>
		</datafield>
		<datafield tag="913" ind1=" " ind2=" ">
			<subfield code="S">pnd</subfield>
			<subfield code="i">a</subfield>
			<subfield code="a">Mosca, Giuseppe</subfield>
			<subfield code="0">(DE-588a)100000541</subfield>
		</datafield>
	</record>