
	<record type="Authority">
		<leader>00000nz a2200000o 4500</leader>
		<controlfield tag="001">100000649</controlfield>
		<controlfield tag="003">DE-101</controlfield>
		<controlfield tag="005">20161207004647.0</controlfield>
		<controlfield tag="008">900615n||aznnnaabn | aaa |c
		</controlfield>
		<datafield tag="024" ind1="7" ind2=" ">
			<subfield code="a">http://d-nb.info/gnd/100000649</subfield>
			<subfield code="2">uri</subfield>
		</datafield>
		<datafield tag="035" ind1=" " ind2=" ">
			<subfield code="a">(DE-101)100000649</subfield>
		</datafield>
		<datafield tag="035" ind1=" " ind2=" ">
			<subfield code="a">(DE-588)100000649</subfield>
		</datafield>
		<datafield tag="035" ind1=" " ind2=" ">
			<subfield code="z">(DE-588)109011804X</subfield>
		</datafield>
		<datafield tag="035" ind1=" " ind2=" ">
			<subfield code="z">(DE-588a)100000649</subfield>
			<subfield code="9">v:zg</subfield>
		</datafield>
		<datafield tag="040" ind1=" " ind2=" ">
			<subfield code="a">DE-12</subfield>
			<subfield code="9">r:DE-12</subfield>
			<subfield code="b">ger</subfield>
			<subfield code="d">9999</subfield>
		</datafield>
		<datafield tag="043" ind1=" " ind2=" ">
			<subfield code="c">XA-NL</subfield>
		</datafield>
		<datafield tag="079" ind1=" " ind2=" ">
			<subfield code="a">g</subfield>
			<subfield code="b">p</subfield>
			<subfield code="c">3</subfield>
			<subfield code="q">a</subfield>
			<subfield code="q">f</subfield>
			<subfield code="q">d</subfield>
			<subfield code="u">v</subfield>
			<subfield code="u">o</subfield>
			<subfield code="v">piz</subfield>
		</datafield>
		<datafield tag="100" ind1="1" ind2=" ">
			<subfield code="a">Ampzing, Samuel</subfield>
			<subfield code="d">1590-1632</subfield>
		</datafield>
		<datafield tag="375" ind1=" " ind2=" ">
			<subfield code="a">1</subfield>
			<subfield code="2">iso5218</subfield>
		</datafield>
		<datafield tag="400" ind1="1" ind2=" ">
			<subfield code="a">Ampsinck, Samuel</subfield>
			<subfield code="d">1590-1632</subfield>
		</datafield>
		<datafield tag="400" ind1="1" ind2=" ">
			<subfield code="a">Ampsingius, Samuel</subfield>
			<subfield code="d">1590-1632</subfield>
		</datafield>
		<datafield tag="400" ind1="1" ind2=" ">
			<subfield code="a">Ampzingh, Samuel</subfield>
			<subfield code="d">1590-1632</subfield>
		</datafield>
		<datafield tag="400" ind1="1" ind2=" ">
			<subfield code="a">Ampsing, Samuel</subfield>
			<subfield code="d">1590-1632</subfield>
		</datafield>
		<datafield tag="500" ind1="1" ind2=" ">
			<subfield code="0">(DE-101)102437327</subfield>
			<subfield code="0">(DE-588)102437327</subfield>
			<subfield code="0">http://d-nb.info/gnd/102437327</subfield>
			<subfield code="a">Ampzing, Johannes Assuerus</subfield>
			<subfield code="d">1558-1642</subfield>
			<subfield code="9">4:bezf</subfield>
			<subfield code="w">r</subfield>
			<subfield code="i">Beziehung familiaer</subfield>
			<subfield code="e">Beziehung familiaer</subfield>
			<subfield code="9">v:Vater</subfield>
		</datafield>
		<datafield tag="548" ind1=" " ind2=" ">
			<subfield code="a">24.06.1590-29.07.1632</subfield>
			<subfield code="9">4:datx</subfield>
			<subfield code="w">r</subfield>
			<subfield code="i">Exakte Lebensdaten</subfield>
		</datafield>
		<datafield tag="548" ind1=" " ind2=" ">
			<subfield code="a">1590-1632</subfield>
			<subfield code="9">4:datl</subfield>
			<subfield code="w">r</subfield>
			<subfield code="i">Lebensdaten</subfield>
			<subfield code="9">v:andersl. Geburtsjahre 1591 und 1594
			</subfield>
		</datafield>
		<datafield tag="550" ind1=" " ind2=" ">
			<subfield code="0">(DE-101)041325923</subfield>
			<subfield code="0">(DE-588)4132592-8</subfield>
			<subfield code="0">http://d-nb.info/gnd/4132592-8</subfield>
			<subfield code="a">Pfarrer</subfield>
			<subfield code="9">4:berc</subfield>
			<subfield code="w">r</subfield>
			<subfield code="i">Charakteristischer Beruf</subfield>
		</datafield>
		<datafield tag="550" ind1=" " ind2=" ">
			<subfield code="0">(DE-101)040533093</subfield>
			<subfield code="0">(DE-588)4053309-8</subfield>
			<subfield code="0">http://d-nb.info/gnd/4053309-8</subfield>
			<subfield code="a">Schriftsteller</subfield>
			<subfield code="9">4:beru</subfield>
			<subfield code="w">r</subfield>
			<subfield code="i">Beruf</subfield>
		</datafield>
		<datafield tag="551" ind1=" " ind2=" ">
			<subfield code="0">(DE-101)040226875</subfield>
			<subfield code="0">(DE-588)4022687-6</subfield>
			<subfield code="0">http://d-nb.info/gnd/4022687-6</subfield>
			<subfield code="a">Haarlem</subfield>
			<subfield code="9">4:ortg</subfield>
			<subfield code="w">r</subfield>
			<subfield code="i">Geburtsort</subfield>
		</datafield>
		<datafield tag="551" ind1=" " ind2=" ">
			<subfield code="0">(DE-101)040226875</subfield>
			<subfield code="0">(DE-588)4022687-6</subfield>
			<subfield code="0">http://d-nb.info/gnd/4022687-6</subfield>
			<subfield code="a">Haarlem</subfield>
			<subfield code="9">4:orts</subfield>
			<subfield code="w">r</subfield>
			<subfield code="i">Sterbeort</subfield>
		</datafield>
		<datafield tag="667" ind1=" " ind2=" ">
			<subfield code="a">12</subfield>
		</datafield>
		<datafield tag="667" ind1=" " ind2=" ">
			<subfield code="a">7</subfield>
		</datafield>
		<datafield tag="667" ind1=" " ind2=" ">
			<subfield code="a">PND-Grundbestand</subfield>
		</datafield>
		<datafield tag="667" ind1=" " ind2=" ">
			<subfield code="a">Andersl. Geburtsjahr: 1591</subfield>
			<subfield code="5">CH-ZuETHN</subfield>
		</datafield>
		<datafield tag="667" ind1=" " ind2=" ">
			<subfield code="a">MMm</subfield>
		</datafield>
		<datafield tag="670" ind1=" " ind2=" ">
			<subfield code="a">Biografisch Archief van de Benelux I
				15,316-321
			</subfield>
		</datafield>
		<datafield tag="670" ind1=" " ind2=" ">
			<subfield code="a">DbA I 22,317</subfield>
		</datafield>
		<datafield tag="670" ind1=" " ind2=" ">
			<subfield code="a">Wikipedia</subfield>
			<subfield code="u">https://nl.wikipedia.org/wiki/Samuel_Ampzing
			</subfield>
		</datafield>
		<datafield tag="678" ind1=" " ind2=" ">
			<subfield code="b">Niederländ. reform. Theologe und Poet;
				Prediger in Rijsoord und Haarlem
			</subfield>
		</datafield>
		<datafield tag="678" ind1=" " ind2=" ">
			<subfield code="b">Pfarrer, Schriftsteller</subfield>
		</datafield>
		<datafield tag="692" ind1=" " ind2=" ">
			<subfield code="a">Ampsing, Samuel: Beschryving ende lof der
				stad Haerlem in Holland. - 1628
			</subfield>
		</datafield>
		<datafield tag="692" ind1=" " ind2=" ">
			<subfield code="a">Ampsing, Samuel: Eer-Verdedinge sijns
				Persoons, ende Ampts, tegens verscheyde onbekende A*. - 1629
			</subfield>
		</datafield>
		<datafield tag="692" ind1=" " ind2=" ">
			<subfield code="a">Ampsing, Samuel: Beschryvinge ende lof der
				Stad Haerlem in Holland. - 1628
			</subfield>
		</datafield>
		<datafield tag="692" ind1=" " ind2=" ">
			<subfield code="a">Ampsing, Samuel: Tegens de ogenliche
				Ergernißen der superstitieuse Overblijfzelen van het*. - 1630
			</subfield>
		</datafield>
		<datafield tag="913" ind1=" " ind2=" ">
			<subfield code="S">pnd</subfield>
			<subfield code="i">a</subfield>
			<subfield code="a">Ampsing, Samuel</subfield>
			<subfield code="0">(DE-588a)100000649</subfield>
		</datafield>
	</record>
</collection>